<?xml version="1.0" encoding="UTF-8"?><record xmlns="http://www.loc.gov/MARC21/slim" xmlns:cinclude="http://apache.org/cocoon/include/1.0" xmlns:zs="http://www.loc.gov/zing/srw/">
  <leader>00430cz  a2200133n  4500</leader>
  <controlfield tag="001">n  89650705 </controlfield>
  <controlfield tag="003">DLC</controlfield>
  <controlfield tag="005">20130308095302.0</controlfield>
  <controlfield tag="008">890912n| azannaab           |n aaa      </controlfield>
  <datafield tag="010" ind1=" " ind2=" ">
    <subfield code="a">n  89650705 </subfield>
  </datafield>
  <datafield tag="040" ind1=" " ind2=" ">
    <subfield code="a">DLC</subfield>
    <subfield code="b">eng</subfield>
    <subfield code="e">rda</subfield>
    <subfield code="c">DLC</subfield>
    <subfield code="d">DLC</subfield>
  </datafield>
  <datafield tag="100" ind1="0" ind2=" ">
    <subfield code="a">Limhi</subfield>
    <subfield code="c">(Book of Mormon figure)</subfield>
  </datafield>
  <datafield tag="670" ind1=" " ind2=" ">
    <subfield code="a">Robison, P. Limhi, son of Noah, c1989.</subfield>
  </datafield>
  <datafield tag="670" ind1=" " ind2=" ">
    <subfield code="a">Book of Mormon, 1987, c1981:</subfield>
    <subfield code="b">p. 660 (Limhi; king of Nephites in land of Nephi; ca. 121 B.C.)</subfield>
  </datafield>
</record>